<?xml version="1.0" encoding="UTF-8"?><collection xmlns="http://www.loc.gov/MARC21/slim"><record><leader>00383nam--2200121-i-4500</leader><controlfield tag="001">000016207</controlfield><controlfield tag="002">20161230</controlfield><controlfield tag="005">20161230201031</controlfield><controlfield tag="008">060222s1000------------r-----000-0-eng-d</controlfield><datafield ind1=" " ind2=" " tag="100"><subfield code="a">Chapelon,Roger</subfield></datafield><datafield ind1=" " ind2=" " tag="245"><subfield code="a">Oxydation de l aniline par l oxygene singulet excite:etude du mecanisme et role dans la reac tion de photoxydation.these</subfield></datafield><datafield ind1=" " ind2=" " tag="260"><subfield code="a">Lyon,Universite,1973. 107 P</subfield></datafield><datafield ind1=" " ind2=" " tag="852"><subfield code="a">77948</subfield></datafield></record></collection>